%---------- books ------------

@book{Andre,
    author      = {André S. de Carvalho, Rafał M. Siejakowski},
    title       = {Topologia e geometria de 3-variedades - Uma agradável introdução},
    year        = {2021},
    publisher   = {IMPA},
    series      = {33° Colóquio brasileiro de matemática},
    isbn        = {978-65-89124-51-1}
}

@book{Ahlfors,
    author      = {Lars V. Ahlfors},
    title       = {COMPLEX ANALYSIS An Introduction to the Theory of Analytic Functions of One Complex Variable},
    year        = {1979},
    publisher   = {McGraw-Hill},
    series      = {International series in pure and applied mathematics},
    isbn        = {0-07-000657-1}
}

@book{Coxeter,
    author      = {H. S. M. COXETER, F. R. S.},
    title       = {Introduction to geometry},
    year        = {1989},
    publisher   = {John WILEY and SONS, INC.},
}

@book{Lagartinhos,
    author      = {Arnaldo Garcia, Yves Lequain},
    title       = {Elementos de álgebra},
    year        = {2001},
    publisher   = {IMPA},
    series      = {Projeto euclides},
}

@book{Naive,
    author      = {Paul R. Halmos},
    title       = {Naive set theory},
    year        = {2011},
    publisher   = {D. Van Nostrand Company},
    isbn        = {978-1-61427-131-4.}
}

@article{Hochbruck2010,
  title={Exponential integrators},
  author={Hochbruck, Marlis and Ostermann, Alexander},
  journal={Acta Numer},
  volume={19},
  pages={209--286},
  year={2010},
  publisher={Cambridge Univ Press}
}

@article{Moler2003,
  title={Nineteen dubious ways to compute the exponential of a matrix, twenty-five years later},
  author={Moler, Cleve and Van Loan, Charles},
  journal={SIAM review},
  volume={45},
  number={1},
  pages={3--49},
  year={2003},
  publisher={SIAM}
}